%% This BibTeX bibliography file was created using BibDesk.
%% http://bibdesk.sourceforge.net/


%% Created for Dennis Lewandowski at 2014-07-09 17:30:08 +0200 


%% Saved with string encoding Unicode (UTF-8) 



@inproceedings{gent2004,
	Author = {Gent, Ian P and Nightingale, Peter},
	Booktitle = {Proc. 3rd International Workshop on Modelling and Reformulating Constraint Satisfaction Problems},
	Date-Modified = {2014-07-04 16:03:23 +0000},
	Pages = {95--110},
	Title = {A new encoding of alldifferent into SAT},
	Year = {2004},
	Bdsk-File-1 = {YnBsaXN0MDDUAQIDBAUGJCVYJHZlcnNpb25YJG9iamVjdHNZJGFyY2hpdmVyVCR0b3ASAAGGoKgHCBMUFRYaIVUkbnVsbNMJCgsMDxJXTlMua2V5c1pOUy5vYmplY3RzViRjbGFzc6INDoACgAOiEBGABIAFgAdccmVsYXRpdmVQYXRoWWFsaWFzRGF0YV8QWi4uLy4uL1JlZmVyZW5jZWQgcGFwZXJzL0dlbnQgYW5kIE5pZ2h0aW5nYWxlIC0gQSBuZXcgZW5jb2Rpbmcgb2YgYWxsZGlmZmVyZW50IGludG8gc2F0LnBkZtIXCxgZV05TLmRhdGFPEQK2AAAAAAK2AAIAAAxNYWNpbnRvc2ggSEQAAAAAAAAAAAAAAAAAAADMYUR/SCsAAADGGhwfR2VudCBhbmQgTmlnaHRpbmdhbGUjRDEwQUMzLnBkZgAAAAAAAAAAAAAAAAAAAAAAAAAAAAAAAAAAAAAAAAAAANEKw8/fOfkAAAAAAAAAAAACAAIAAAkgAAAAAAAAAAAAAAAAAAAAEVJlZmVyZW5jZWQgcGFwZXJzAAAQAAgAAMxhKF8AAAARAAgAAM/fHdkAAAABABwAxhocAMSTswAb44MAG+M/ABrjaQAa4vsAAg3hAAIAgU1hY2ludG9zaCBIRDpVc2VyczoAZGVubmlzOgBEZXNrdG9wOgBNYXN0ZXJzdHVkaXVtOgBIYXVzYXVmZ2FiZW46AFNBVCBTZW1pbmFyOgBSZWZlcmVuY2VkIHBhcGVyczoAR2VudCBhbmQgTmlnaHRpbmdhbGUjRDEwQUMzLnBkZgAADgCGAEIARwBlAG4AdAAgAGEAbgBkACAATgBpAGcAaAB0AGkAbgBnAGEAbABlACAALQAgAEEAIABuAGUAdwAgAGUAbgBjAG8AZABpAG4AZwAgAG8AZgAgAGEAbABsAGQAaQBmAGYAZQByAGUAbgB0ACAAaQBuAHQAbwAgAHMAYQB0AC4AcABkAGYADwAaAAwATQBhAGMAaQBuAHQAbwBzAGgAIABIAEQAEgCQVXNlcnMvZGVubmlzL0Rlc2t0b3AvTWFzdGVyc3R1ZGl1bS9IYXVzYXVmZ2FiZW4vU0FUIFNlbWluYXIvUmVmZXJlbmNlZCBwYXBlcnMvR2VudCBhbmQgTmlnaHRpbmdhbGUgLSBBIG5ldyBlbmNvZGluZyBvZiBhbGxkaWZmZXJlbnQgaW50byBzYXQucGRmABMAAS8AABUAAgAN//8AAIAG0hscHR5aJGNsYXNzbmFtZVgkY2xhc3Nlc11OU011dGFibGVEYXRhox0fIFZOU0RhdGFYTlNPYmplY3TSGxwiI1xOU0RpY3Rpb25hcnmiIiBfEA9OU0tleWVkQXJjaGl2ZXLRJidUcm9vdIABAAgAEQAaACMALQAyADcAQABGAE0AVQBgAGcAagBsAG4AcQBzAHUAdwCEAI4A6wDwAPgDsgO0A7kDxAPNA9sD3wPmA+8D9AQBBAQEFgQZBB4AAAAAAAACAQAAAAAAAAAoAAAAAAAAAAAAAAAAAAAEIA==}}

@inproceedings{Gent02satencodings,
	Author = {Ian P. Gent and Patrick Prosser and Barbara Smith and Toby Walsh},
	Booktitle = {In SAT 2002},
	Pages = {133--140},
	Title = {SAT Encodings of the Stable Marriage Problem with Ties and Incomplete Lists},
	Year = {2002},
	Bdsk-File-1 = {YnBsaXN0MDDUAQIDBAUGJCVYJHZlcnNpb25YJG9iamVjdHNZJGFyY2hpdmVyVCR0b3ASAAGGoKgHCBMUFRYaIVUkbnVsbNMJCgsMDxJXTlMua2V5c1pOUy5vYmplY3RzViRjbGFzc6INDoACgAOiEBGABIAFgAdccmVsYXRpdmVQYXRoWWFsaWFzRGF0YV8Qei4uLy4uL1JlZmVyZW5jZWQgcGFwZXJzL0dlbnQgYW5kIFByb3NzZXIgLSBTQVQgRW5jb2RpbmdzIG9mIHRoZSBTdGFibGUgTWFycmlhZ2UgUHJvYmxlbSB3aXRoIFRpZXMgYW5kIEluY29tcGxldGUgTGlzdHMucGRm0hcLGBlXTlMuZGF0YU8RAxYAAAAAAxYAAgAADE1hY2ludG9zaCBIRAAAAAAAAAAAAAAAAAAAAMxhRH9IKwAAAMYaHB9HZW50IGFuZCBQcm9zc2VyIC0gUyNDNjFBNDgucGRmAAAAAAAAAAAAAAAAAAAAAAAAAAAAAAAAAAAAAAAAAAAAxhpIz48C2gAAAAAAAAAAAAIAAgAACSAAAAAAAAAAAAAAAAAAAAARUmVmZXJlbmNlZCBwYXBlcnMAABAACAAAzGEoXwAAABEACAAAz47mugAAAAEAHADGGhwAxJOzABvjgwAb4z8AGuNpABri+wACDeEAAgCBTWFjaW50b3NoIEhEOlVzZXJzOgBkZW5uaXM6AERlc2t0b3A6AE1hc3RlcnN0dWRpdW06AEhhdXNhdWZnYWJlbjoAU0FUIFNlbWluYXI6AFJlZmVyZW5jZWQgcGFwZXJzOgBHZW50IGFuZCBQcm9zc2VyIC0gUyNDNjFBNDgucGRmAAAOAMYAYgBHAGUAbgB0ACAAYQBuAGQAIABQAHIAbwBzAHMAZQByACAALQAgAFMAQQBUACAARQBuAGMAbwBkAGkAbgBnAHMAIABvAGYAIAB0AGgAZQAgAFMAdABhAGIAbABlACAATQBhAHIAcgBpAGEAZwBlACAAUAByAG8AYgBsAGUAbQAgAHcAaQB0AGgAIABUAGkAZQBzACAAYQBuAGQAIABJAG4AYwBvAG0AcABsAGUAdABlACAATABpAHMAdABzAC4AcABkAGYADwAaAAwATQBhAGMAaQBuAHQAbwBzAGgAIABIAEQAEgCwVXNlcnMvZGVubmlzL0Rlc2t0b3AvTWFzdGVyc3R1ZGl1bS9IYXVzYXVmZ2FiZW4vU0FUIFNlbWluYXIvUmVmZXJlbmNlZCBwYXBlcnMvR2VudCBhbmQgUHJvc3NlciAtIFNBVCBFbmNvZGluZ3Mgb2YgdGhlIFN0YWJsZSBNYXJyaWFnZSBQcm9ibGVtIHdpdGggVGllcyBhbmQgSW5jb21wbGV0ZSBMaXN0cy5wZGYAEwABLwAAFQACAA3//wAAgAbSGxwdHlokY2xhc3NuYW1lWCRjbGFzc2VzXU5TTXV0YWJsZURhdGGjHR8gVk5TRGF0YVhOU09iamVjdNIbHCIjXE5TRGljdGlvbmFyeaIiIF8QD05TS2V5ZWRBcmNoaXZlctEmJ1Ryb290gAEACAARABoAIwAtADIANwBAAEYATQBVAGAAZwBqAGwAbgBxAHMAdQB3AIQAjgELARABGAQyBDQEOQREBE0EWwRfBGYEbwR0BIEEhASWBJkEngAAAAAAAAIBAAAAAAAAACgAAAAAAAAAAAAAAAAAAASg}}

@inproceedings{Anstegui04mappingproblems,
	Author = {Carlos Ans{\'o}tegui and Felip Many{\`a}},
	Booktitle = {In SAT 2004},
	Pages = {1--15},
	Publisher = {Springer LNCS},
	Title = {Mapping problems with finite-domain variables into problems with boolean variables},
	Year = {2004},
	Bdsk-File-1 = {YnBsaXN0MDDUAQIDBAUGJCVYJHZlcnNpb25YJG9iamVjdHNZJGFyY2hpdmVyVCR0b3ASAAGGoKgHCBMUFRYaIVUkbnVsbNMJCgsMDxJXTlMua2V5c1pOUy5vYmplY3RzViRjbGFzc6INDoACgAOiEBGABIAFgAdccmVsYXRpdmVQYXRoWWFsaWFzRGF0YV8Qgi4uLy4uL1JlZmVyZW5jZWQgcGFwZXJzL0Fuc290ZWd1aSB1bmQgTWFueWEgLSBNYXBwaW5nIFByb2JsZW1zIHdpdGggRmluaXRlLURvbWFpbiBWYXJpYWJsZXMgdG8gUHJvYmxlbXMgd2l0aCBCb29sZWFuIFZhcmlhYmxlcy5wZGbSFwsYGVdOUy5kYXRhTxEDLgAAAAADLgACAAAMTWFjaW50b3NoIEhEAAAAAAAAAAAAAAAAAAAAzGFEf0grAAAAxhocH0Fuc290ZWd1aSB1bmQgTWFueWEgI0M2MUIxMS5wZGYAAAAAAAAAAAAAAAAAAAAAAAAAAAAAAAAAAAAAAAAAAADGGxHPjwXcAAAAAAAAAAAAAgACAAAJIAAAAAAAAAAAAAAAAAAAABFSZWZlcmVuY2VkIHBhcGVycwAAEAAIAADMYShfAAAAEQAIAADPjum8AAAAAQAcAMYaHADEk7MAG+ODABvjPwAa42kAGuL7AAIN4QACAIFNYWNpbnRvc2ggSEQ6VXNlcnM6AGRlbm5pczoARGVza3RvcDoATWFzdGVyc3R1ZGl1bToASGF1c2F1ZmdhYmVuOgBTQVQgU2VtaW5hcjoAUmVmZXJlbmNlZCBwYXBlcnM6AEFuc290ZWd1aSB1bmQgTWFueWEgI0M2MUIxMS5wZGYAAA4A1gBqAEEAbgBzAG8AdABlAGcAdQBpACAAdQBuAGQAIABNAGEAbgB5AGEAIAAtACAATQBhAHAAcABpAG4AZwAgAFAAcgBvAGIAbABlAG0AcwAgAHcAaQB0AGgAIABGAGkAbgBpAHQAZQAtAEQAbwBtAGEAaQBuACAAVgBhAHIAaQBhAGIAbABlAHMAIAB0AG8AIABQAHIAbwBiAGwAZQBtAHMAIAB3AGkAdABoACAAQgBvAG8AbABlAGEAbgAgAFYAYQByAGkAYQBiAGwAZQBzAC4AcABkAGYADwAaAAwATQBhAGMAaQBuAHQAbwBzAGgAIABIAEQAEgC4VXNlcnMvZGVubmlzL0Rlc2t0b3AvTWFzdGVyc3R1ZGl1bS9IYXVzYXVmZ2FiZW4vU0FUIFNlbWluYXIvUmVmZXJlbmNlZCBwYXBlcnMvQW5zb3RlZ3VpIHVuZCBNYW55YSAtIE1hcHBpbmcgUHJvYmxlbXMgd2l0aCBGaW5pdGUtRG9tYWluIFZhcmlhYmxlcyB0byBQcm9ibGVtcyB3aXRoIEJvb2xlYW4gVmFyaWFibGVzLnBkZgATAAEvAAAVAAIADf//AACABtIbHB0eWiRjbGFzc25hbWVYJGNsYXNzZXNdTlNNdXRhYmxlRGF0YaMdHyBWTlNEYXRhWE5TT2JqZWN00hscIiNcTlNEaWN0aW9uYXJ5oiIgXxAPTlNLZXllZEFyY2hpdmVy0SYnVHJvb3SAAQAIABEAGgAjAC0AMgA3AEAARgBNAFUAYABnAGoAbABuAHEAcwB1AHcAhACOARMBGAEgBFIEVARZBGQEbQR7BH8EhgSPBJQEoQSkBLYEuQS+AAAAAAAAAgEAAAAAAAAAKAAAAAAAAAAAAAAAAAAABMA=}}

@inproceedings{Prestwich,
	Author = {Steven Prestwich},
	Booktitle = {Proceedings of the CP'01 Workshop on Modelling and Problem Formulation},
	Date-Modified = {2014-07-09 15:20:48 +0000},
	Title = {First-Solution Search with Symmetry Breaking and Implied Constraints},
	Bdsk-File-1 = {YnBsaXN0MDDUAQIDBAUGJCVYJHZlcnNpb25YJG9iamVjdHNZJGFyY2hpdmVyVCR0b3ASAAGGoKgHCBMUFRYaIVUkbnVsbNMJCgsMDxJXTlMua2V5c1pOUy5vYmplY3RzViRjbGFzc6INDoACgAOiEBGABIAFgAdccmVsYXRpdmVQYXRoWWFsaWFzRGF0YV8QbC4uLy4uL1JlZmVyZW5jZWQgcGFwZXJzL1ByZXN0d2ljaCAtIEZpcnN0LVNvbHV0aW9uIFNlYXJjaCB3aXRoIFN5bW1ldHJ5IEJyZWFraW5nIGFuZCBJbXBsaWVkIENvbnN0cmFpbnRzLnBkZtIXCxgZV05TLmRhdGFPEQLsAAAAAALsAAIAAAxNYWNpbnRvc2ggSEQAAAAAAAAAAAAAAAAAAADMYUR/SCsAAADGGhwfUHJlc3R3aWNoIC0gRmlyc3QtU28jQzYxOUU0LnBkZgAAAAAAAAAAAAAAAAAAAAAAAAAAAAAAAAAAAAAAAAAAAMYZ5M+PAhUAAAAAAAAAAAACAAIAAAkgAAAAAAAAAAAAAAAAAAAAEVJlZmVyZW5jZWQgcGFwZXJzAAAQAAgAAMxhKF8AAAARAAgAAM+O5fUAAAABABwAxhocAMSTswAb44MAG+M/ABrjaQAa4vsAAg3hAAIAgU1hY2ludG9zaCBIRDpVc2VyczoAZGVubmlzOgBEZXNrdG9wOgBNYXN0ZXJzdHVkaXVtOgBIYXVzYXVmZ2FiZW46AFNBVCBTZW1pbmFyOgBSZWZlcmVuY2VkIHBhcGVyczoAUHJlc3R3aWNoIC0gRmlyc3QtU28jQzYxOUU0LnBkZgAADgCqAFQAUAByAGUAcwB0AHcAaQBjAGgAIAAtACAARgBpAHIAcwB0AC0AUwBvAGwAdQB0AGkAbwBuACAAUwBlAGEAcgBjAGgAIAB3AGkAdABoACAAUwB5AG0AbQBlAHQAcgB5ACAAQgByAGUAYQBrAGkAbgBnACAAYQBuAGQAIABJAG0AcABsAGkAZQBkACAAQwBvAG4AcwB0AHIAYQBpAG4AdABzAC4AcABkAGYADwAaAAwATQBhAGMAaQBuAHQAbwBzAGgAIABIAEQAEgCiVXNlcnMvZGVubmlzL0Rlc2t0b3AvTWFzdGVyc3R1ZGl1bS9IYXVzYXVmZ2FiZW4vU0FUIFNlbWluYXIvUmVmZXJlbmNlZCBwYXBlcnMvUHJlc3R3aWNoIC0gRmlyc3QtU29sdXRpb24gU2VhcmNoIHdpdGggU3ltbWV0cnkgQnJlYWtpbmcgYW5kIEltcGxpZWQgQ29uc3RyYWludHMucGRmABMAAS8AABUAAgAN//8AAIAG0hscHR5aJGNsYXNzbmFtZVgkY2xhc3Nlc11OU011dGFibGVEYXRhox0fIFZOU0RhdGFYTlNPYmplY3TSGxwiI1xOU0RpY3Rpb25hcnmiIiBfEA9OU0tleWVkQXJjaGl2ZXLRJidUcm9vdIABAAgAEQAaACMALQAyADcAQABGAE0AVQBgAGcAagBsAG4AcQBzAHUAdwCEAI4A/QECAQoD+gP8BAEEDAQVBCMEJwQuBDcEPARJBEwEXgRhBGYAAAAAAAACAQAAAAAAAAAoAAAAAAAAAAAAAAAAAAAEaA==}}

@inproceedings{Gent05,
	Author = {Ian P. Gent},
	Booktitle = {In IJCAI'05 workshop on Modelling and Solving Problems with Constraints},
	Date-Modified = {2014-07-09 15:30:08 +0000},
	Title = {A SAT Encoding for the Social Golfer Problem},
	Year = {2005},
	Bdsk-File-1 = {YnBsaXN0MDDUAQIDBAUGJCVYJHZlcnNpb25YJG9iamVjdHNZJGFyY2hpdmVyVCR0b3ASAAGGoKgHCBMUFRYaIVUkbnVsbNMJCgsMDxJXTlMua2V5c1pOUy5vYmplY3RzViRjbGFzc6INDoACgAOiEBGABIAFgAdccmVsYXRpdmVQYXRoWWFsaWFzRGF0YV8QFy4uLy4uL1NvY2lhbCBnb2xmZXIucGRm0hcLGBlXTlMuZGF0YU8RAeYAAAAAAeYAAgAADE1hY2ludG9zaCBIRAAAAAAAAAAAAAAAAAAAAMxhRH9IKwAAAMSTsxFTb2NpYWwgZ29sZmVyLnBkZgAAAAAAAAAAAAAAAAAAAAAAAAAAAAAAAAAAAAAAAAAAAAAAAAAAAAAAAAAAAAAAxhigz4Q62AAAAAAAAAAAAAIAAQAACSAAAAAAAAAAAAAAAAAAAAALU0FUIFNlbWluYXIAABAACAAAzGEoXwAAABEACAAAz4QeuAAAAAEAGADEk7MAG+ODABvjPwAa42kAGuL7AAIN4QACAGBNYWNpbnRvc2ggSEQ6VXNlcnM6AGRlbm5pczoARGVza3RvcDoATWFzdGVyc3R1ZGl1bToASGF1c2F1ZmdhYmVuOgBTQVQgU2VtaW5hcjoAU29jaWFsIGdvbGZlci5wZGYADgAkABEAUwBvAGMAaQBhAGwAIABnAG8AbABmAGUAcgAuAHAAZABmAA8AGgAMAE0AYQBjAGkAbgB0AG8AcwBoACAASABEABIATVVzZXJzL2Rlbm5pcy9EZXNrdG9wL01hc3RlcnN0dWRpdW0vSGF1c2F1ZmdhYmVuL1NBVCBTZW1pbmFyL1NvY2lhbCBnb2xmZXIucGRmAAATAAEvAAAVAAIADf//AACABtIbHB0eWiRjbGFzc25hbWVYJGNsYXNzZXNdTlNNdXRhYmxlRGF0YaMdHyBWTlNEYXRhWE5TT2JqZWN00hscIiNcTlNEaWN0aW9uYXJ5oiIgXxAPTlNLZXllZEFyY2hpdmVy0SYnVHJvb3SAAQAIABEAGgAjAC0AMgA3AEAARgBNAFUAYABnAGoAbABuAHEAcwB1AHcAhACOAKgArQC1Ap8CoQKmArECugLIAswC0wLcAuEC7gLxAwMDBgMLAAAAAAAAAgEAAAAAAAAAKAAAAAAAAAAAAAAAAAAAAw0=}}

@inproceedings{walksat2004,
	Author = {Kautz, Henry and Selman, Bart and McAllester, David},
	Booktitle = {Proceedings of the International Conference on Theory and Applications of Satisfiability Testing},
	Date-Modified = {2014-07-09 15:23:49 +0000},
	Title = {Walksat in the 2004 SAT Competition},
	Year = {2004},
	Bdsk-File-1 = {YnBsaXN0MDDUAQIDBAUGJCVYJHZlcnNpb25YJG9iamVjdHNZJGFyY2hpdmVyVCR0b3ASAAGGoKgHCBMUFRYaIVUkbnVsbNMJCgsMDxJXTlMua2V5c1pOUy5vYmplY3RzViRjbGFzc6INDoACgAOiEBGABIAFgAdccmVsYXRpdmVQYXRoWWFsaWFzRGF0YV8QUi4uLy4uL1JlZmVyZW5jZWQgcGFwZXJzL0thdXR6IGFuZCBTZWxtYW4gLSBXYWxrc2F0IGluIHRoZSAyMDA0IFNBVCBDb21wZXRpdGlvbi5wZGbSFwsYGVdOUy5kYXRhTxECngAAAAACngACAAAMTWFjaW50b3NoIEhEAAAAAAAAAAAAAAAAAAAAzGFEf0grAAAAxhocH0thdXR6IGFuZCBTZWxtYW4gLSBXI0M2MTk4Qy5wZGYAAAAAAAAAAAAAAAAAAAAAAAAAAAAAAAAAAAAAAAAAAADGGYzPjwDHAAAAAAAAAAAAAgACAAAJIAAAAAAAAAAAAAAAAAAAABFSZWZlcmVuY2VkIHBhcGVycwAAEAAIAADMYShfAAAAEQAIAADPjuSnAAAAAQAcAMYaHADEk7MAG+ODABvjPwAa42kAGuL7AAIN4QACAIFNYWNpbnRvc2ggSEQ6VXNlcnM6AGRlbm5pczoARGVza3RvcDoATWFzdGVyc3R1ZGl1bToASGF1c2F1ZmdhYmVuOgBTQVQgU2VtaW5hcjoAUmVmZXJlbmNlZCBwYXBlcnM6AEthdXR6IGFuZCBTZWxtYW4gLSBXI0M2MTk4Qy5wZGYAAA4AdgA6AEsAYQB1AHQAegAgAGEAbgBkACAAUwBlAGwAbQBhAG4AIAAtACAAVwBhAGwAawBzAGEAdAAgAGkAbgAgAHQAaABlACAAMgAwADAANAAgAFMAQQBUACAAQwBvAG0AcABlAHQAaQB0AGkAbwBuAC4AcABkAGYADwAaAAwATQBhAGMAaQBuAHQAbwBzAGgAIABIAEQAEgCIVXNlcnMvZGVubmlzL0Rlc2t0b3AvTWFzdGVyc3R1ZGl1bS9IYXVzYXVmZ2FiZW4vU0FUIFNlbWluYXIvUmVmZXJlbmNlZCBwYXBlcnMvS2F1dHogYW5kIFNlbG1hbiAtIFdhbGtzYXQgaW4gdGhlIDIwMDQgU0FUIENvbXBldGl0aW9uLnBkZgATAAEvAAAVAAIADf//AACABtIbHB0eWiRjbGFzc25hbWVYJGNsYXNzZXNdTlNNdXRhYmxlRGF0YaMdHyBWTlNEYXRhWE5TT2JqZWN00hscIiNcTlNEaWN0aW9uYXJ5oiIgXxAPTlNLZXllZEFyY2hpdmVy0SYnVHJvb3SAAQAIABEAGgAjAC0AMgA3AEAARgBNAFUAYABnAGoAbABuAHEAcwB1AHcAhACOAOMA6ADwA5IDlAOZA6QDrQO7A78DxgPPA9QD4QPkA/YD+QP+AAAAAAAAAgEAAAAAAAAAKAAAAAAAAAAAAAAAAAAABAA=}}

@inproceedings{Smith01,
	Author = {Barbara M. Smith and Huddersfield Hd Dh},
	Date-Modified = {2014-07-09 15:21:27 +0000},
	Pages = {351--359},
	Title = {Reducing Symmetry in a Combinatorial Design Problem},
	Year = {2001},
	Bdsk-File-1 = {YnBsaXN0MDDUAQIDBAUGJCVYJHZlcnNpb25YJG9iamVjdHNZJGFyY2hpdmVyVCR0b3ASAAGGoKgHCBMUFRYaIVUkbnVsbNMJCgsMDxJXTlMua2V5c1pOUy5vYmplY3RzViRjbGFzc6INDoACgAOiEBGABIAFgAdccmVsYXRpdmVQYXRoWWFsaWFzRGF0YV8QVy4uLy4uL1JlZmVyZW5jZWQgcGFwZXJzL1NtaXRoIC0gUmVkdWNpbmcgU3ltbWV0cnkgaW4gYSBDb21iaW5hdG9yaWFsIERlc2lnbiBQcm9ibGVtLnBkZtIXCxgZV05TLmRhdGFPEQKuAAAAAAKuAAIAAAxNYWNpbnRvc2ggSEQAAAAAAAAAAAAAAAAAAADMYUR/SCsAAADGGhwfU21pdGggLSBSZWR1Y2luZyBTeW0jQzYxQTA2LnBkZgAAAAAAAAAAAAAAAAAAAAAAAAAAAAAAAAAAAAAAAAAAAMYaBs+PAjwAAAAAAAAAAAACAAIAAAkgAAAAAAAAAAAAAAAAAAAAEVJlZmVyZW5jZWQgcGFwZXJzAAAQAAgAAMxhKF8AAAARAAgAAM+O5hwAAAABABwAxhocAMSTswAb44MAG+M/ABrjaQAa4vsAAg3hAAIAgU1hY2ludG9zaCBIRDpVc2VyczoAZGVubmlzOgBEZXNrdG9wOgBNYXN0ZXJzdHVkaXVtOgBIYXVzYXVmZ2FiZW46AFNBVCBTZW1pbmFyOgBSZWZlcmVuY2VkIHBhcGVyczoAU21pdGggLSBSZWR1Y2luZyBTeW0jQzYxQTA2LnBkZgAADgCAAD8AUwBtAGkAdABoACAALQAgAFIAZQBkAHUAYwBpAG4AZwAgAFMAeQBtAG0AZQB0AHIAeQAgAGkAbgAgAGEAIABDAG8AbQBiAGkAbgBhAHQAbwByAGkAYQBsACAARABlAHMAaQBnAG4AIABQAHIAbwBiAGwAZQBtAC4AcABkAGYADwAaAAwATQBhAGMAaQBuAHQAbwBzAGgAIABIAEQAEgCNVXNlcnMvZGVubmlzL0Rlc2t0b3AvTWFzdGVyc3R1ZGl1bS9IYXVzYXVmZ2FiZW4vU0FUIFNlbWluYXIvUmVmZXJlbmNlZCBwYXBlcnMvU21pdGggLSBSZWR1Y2luZyBTeW1tZXRyeSBpbiBhIENvbWJpbmF0b3JpYWwgRGVzaWduIFByb2JsZW0ucGRmAAATAAEvAAAVAAIADf//AACABtIbHB0eWiRjbGFzc25hbWVYJGNsYXNzZXNdTlNNdXRhYmxlRGF0YaMdHyBWTlNEYXRhWE5TT2JqZWN00hscIiNcTlNEaWN0aW9uYXJ5oiIgXxAPTlNLZXllZEFyY2hpdmVy0SYnVHJvb3SAAQAIABEAGgAjAC0AMgA3AEAARgBNAFUAYABnAGoAbABuAHEAcwB1AHcAhACOAOgA7QD1A6cDqQOuA7kDwgPQA9QD2wPkA+kD9gP5BAsEDgQTAAAAAAAAAgEAAAAAAAAAKAAAAAAAAAAAAAAAAAAABBU=}}

@article{Gomes00heavy-tailedphenomena,
	Author = {Carla P. Gomes and Bart Selman and Henry Kautz},
	Journal = {J. of Autom. Reasoning},
	Pages = {67--100},
	Title = {Heavy-Tailed Phenomena in Satisfiability and Constraint Satisfaction Problems},
	Year = {2000},
	Bdsk-File-1 = {YnBsaXN0MDDUAQIDBAUGJCVYJHZlcnNpb25YJG9iamVjdHNZJGFyY2hpdmVyVCR0b3ASAAGGoKgHCBMUFRYaIVUkbnVsbNMJCgsMDxJXTlMua2V5c1pOUy5vYmplY3RzViRjbGFzc6INDoACgAOiEBGABIAFgAdccmVsYXRpdmVQYXRoWWFsaWFzRGF0YV8QaS4uLy4uL1JlZmVyZW5jZWQgcGFwZXJzL0hlYXZ5LVRhaWxlZCBQaGVub21lbmEgaW4gU2F0aXNmaWFiaWxpdHkgYW5kIENvbnN0cmFpbnQgU2F0aXNmYWN0aW9uIFByb2JsZW1zLnBkZtIXCxgZV05TLmRhdGFPEQLkAAAAAALkAAIAAAxNYWNpbnRvc2ggSEQAAAAAAAAAAAAAAAAAAADMYUR/SCsAAADGGhwfSGVhdnktVGFpbGVkIFBoZW5vbWUjRDBFMzJCLnBkZgAAAAAAAAAAAAAAAAAAAAAAAAAAAAAAAAAAAAAAAAAAANDjK8/cn1EAAAAAAAAAAAACAAIAAAkgAAAAAAAAAAAAAAAAAAAAEVJlZmVyZW5jZWQgcGFwZXJzAAAQAAgAAMxhKF8AAAARAAgAAM/cgzEAAAABABwAxhocAMSTswAb44MAG+M/ABrjaQAa4vsAAg3hAAIAgU1hY2ludG9zaCBIRDpVc2VyczoAZGVubmlzOgBEZXNrdG9wOgBNYXN0ZXJzdHVkaXVtOgBIYXVzYXVmZ2FiZW46AFNBVCBTZW1pbmFyOgBSZWZlcmVuY2VkIHBhcGVyczoASGVhdnktVGFpbGVkIFBoZW5vbWUjRDBFMzJCLnBkZgAADgCkAFEASABlAGEAdgB5AC0AVABhAGkAbABlAGQAIABQAGgAZQBuAG8AbQBlAG4AYQAgAGkAbgAgAFMAYQB0AGkAcwBmAGkAYQBiAGkAbABpAHQAeQAgAGEAbgBkACAAQwBvAG4AcwB0AHIAYQBpAG4AdAAgAFMAYQB0AGkAcwBmAGEAYwB0AGkAbwBuACAAUAByAG8AYgBsAGUAbQBzAC4AcABkAGYADwAaAAwATQBhAGMAaQBuAHQAbwBzAGgAIABIAEQAEgCfVXNlcnMvZGVubmlzL0Rlc2t0b3AvTWFzdGVyc3R1ZGl1bS9IYXVzYXVmZ2FiZW4vU0FUIFNlbWluYXIvUmVmZXJlbmNlZCBwYXBlcnMvSGVhdnktVGFpbGVkIFBoZW5vbWVuYSBpbiBTYXRpc2ZpYWJpbGl0eSBhbmQgQ29uc3RyYWludCBTYXRpc2ZhY3Rpb24gUHJvYmxlbXMucGRmAAATAAEvAAAVAAIADf//AACABtIbHB0eWiRjbGFzc25hbWVYJGNsYXNzZXNdTlNNdXRhYmxlRGF0YaMdHyBWTlNEYXRhWE5TT2JqZWN00hscIiNcTlNEaWN0aW9uYXJ5oiIgXxAPTlNLZXllZEFyY2hpdmVy0SYnVHJvb3SAAQAIABEAGgAjAC0AMgA3AEAARgBNAFUAYABnAGoAbABuAHEAcwB1AHcAhACOAPoA/wEHA+8D8QP2BAEECgQYBBwEIwQsBDEEPgRBBFMEVgRbAAAAAAAAAgEAAAAAAAAAKAAAAAAAAAAAAAAAAAAABF0=}}

@inproceedings{Gent99symmetrybreaking,
	Author = {Ian P. Gent and Barbara Smith},
	Booktitle = {Proceedings ECAI'2000},
	Pages = {599--603},
	Title = {Symmetry Breaking During Search in Constraint Programming},
	Year = {1999},
	Bdsk-File-1 = {YnBsaXN0MDDUAQIDBAUGJCVYJHZlcnNpb25YJG9iamVjdHNZJGFyY2hpdmVyVCR0b3ASAAGGoKgHCBMUFRYaIVUkbnVsbNMJCgsMDxJXTlMua2V5c1pOUy5vYmplY3RzViRjbGFzc6INDoACgAOiEBGABIAFgAdccmVsYXRpdmVQYXRoWWFsaWFzRGF0YV8Qny4uLy4uL1JlZmVyZW5jZWQgcGFwZXJzL1N5bW1ldHJ5IEJyZWFraW5nIER1cmluZyBTZWFyY2ggaW4gQ29uc3RyYWludCBQcm9ncmFtbWluZyAoaW5wcm9jZWVkaW5ncykKU3ltbWV0cnkgQnJlYWtpbmcgRHVyaW5nIFNlYXJjaCBpbiBDb25zdHJhaW50IFByb2dyYW1taW5nLnBkZtIXCxgZV05TLmRhdGFPEQOGAAAAAAOGAAIAAAxNYWNpbnRvc2ggSEQAAAAAAAAAAAAAAAAAAADMYUR/SCsAAADGGhwfU3ltbWV0cnkgQnJlYWtpbmcgRHUjRDBFMzQ1LnBkZgAAAAAAAAAAAAAAAAAAAAAAAAAAAAAAAAAAAAAAAAAAANDjRc/cn6EAAAAAAAAAAAACAAIAAAkgAAAAAAAAAAAAAAAAAAAAEVJlZmVyZW5jZWQgcGFwZXJzAAAQAAgAAMxhKF8AAAARAAgAAM/cg4EAAAABABwAxhocAMSTswAb44MAG+M/ABrjaQAa4vsAAg3hAAIAgU1hY2ludG9zaCBIRDpVc2VyczoAZGVubmlzOgBEZXNrdG9wOgBNYXN0ZXJzdHVkaXVtOgBIYXVzYXVmZ2FiZW46AFNBVCBTZW1pbmFyOgBSZWZlcmVuY2VkIHBhcGVyczoAU3ltbWV0cnkgQnJlYWtpbmcgRHUjRDBFMzQ1LnBkZgAADgEQAIcAUwB5AG0AbQBlAHQAcgB5ACAAQgByAGUAYQBrAGkAbgBnACAARAB1AHIAaQBuAGcAIABTAGUAYQByAGMAaAAgAGkAbgAgAEMAbwBuAHMAdAByAGEAaQBuAHQAIABQAHIAbwBnAHIAYQBtAG0AaQBuAGcAIAAoAGkAbgBwAHIAbwBjAGUAZQBkAGkAbgBnAHMAKQAKAFMAeQBtAG0AZQB0AHIAeQAgAEIAcgBlAGEAawBpAG4AZwAgAEQAdQByAGkAbgBnACAAUwBlAGEAcgBjAGgAIABpAG4AIABDAG8AbgBzAHQAcgBhAGkAbgB0ACAAUAByAG8AZwByAGEAbQBtAGkAbgBnAC4AcABkAGYADwAaAAwATQBhAGMAaQBuAHQAbwBzAGgAIABIAEQAEgDVVXNlcnMvZGVubmlzL0Rlc2t0b3AvTWFzdGVyc3R1ZGl1bS9IYXVzYXVmZ2FiZW4vU0FUIFNlbWluYXIvUmVmZXJlbmNlZCBwYXBlcnMvU3ltbWV0cnkgQnJlYWtpbmcgRHVyaW5nIFNlYXJjaCBpbiBDb25zdHJhaW50IFByb2dyYW1taW5nIChpbnByb2NlZWRpbmdzKQpTeW1tZXRyeSBCcmVha2luZyBEdXJpbmcgU2VhcmNoIGluIENvbnN0cmFpbnQgUHJvZ3JhbW1pbmcucGRmAAATAAEvAAAVAAIADf//AACABtIbHB0eWiRjbGFzc25hbWVYJGNsYXNzZXNdTlNNdXRhYmxlRGF0YaMdHyBWTlNEYXRhWE5TT2JqZWN00hscIiNcTlNEaWN0aW9uYXJ5oiIgXxAPTlNLZXllZEFyY2hpdmVy0SYnVHJvb3SAAQAIABEAGgAjAC0AMgA3AEAARgBNAFUAYABnAGoAbABuAHEAcwB1AHcAhACOATABNQE9BMcEyQTOBNkE4gTwBPQE+wUEBQkFFgUZBSsFLgUzAAAAAAAAAgEAAAAAAAAAKAAAAAAAAAAAAAAAAAAABTU=}}

@inproceedings{barnier2002solving,
	Author = {Barnier, Nicolas and Brisset, Pascal},
	Booktitle = {Principles and Practice of Constraint Programming-CP 2002},
	Organization = {Springer},
	Pages = {477--491},
	Title = {Solving the Kirkman's schoolgirl problem in a few seconds},
	Year = {2002},
	Bdsk-File-1 = {YnBsaXN0MDDUAQIDBAUGJCVYJHZlcnNpb25YJG9iamVjdHNZJGFyY2hpdmVyVCR0b3ASAAGGoKgHCBMUFRYaIVUkbnVsbNMJCgsMDxJXTlMua2V5c1pOUy5vYmplY3RzViRjbGFzc6INDoACgAOiEBGABIAFgAdccmVsYXRpdmVQYXRoWWFsaWFzRGF0YW8QVQAuAC4ALwAuAC4ALwBSAGUAZgBlAHIAZQBuAGMAZQBkACAAcABhAHAAZQByAHMALwBTAG8AbAB2AGkAbgBnACAAdABoAGUAIABLAGkAcgBrAG0AYQBuIBkAcwAgAFMAYwBoAG8AbwBsAGcAaQByAGwAIABQAHIAbwBiAGwAZQBtACAAaQBuACAAYQAgAEYAZQB3ACAAUwBlAGMAbwBuAGQAcwAuAHAAZABm0hcLGBlXTlMuZGF0YU8RAqoAAAAAAqoAAgAADE1hY2ludG9zaCBIRAAAAAAAAAAAAAAAAAAAAMxhRH9IKwAAAMYaHB9Tb2x2aW5nIHRoZSBLaXJrbWFu1SNEMEM4QkYucGRmAAAAAAAAAAAAAAAAAAAAAAAAAAAAAAAAAAAAAAAAAAAA0Mi/z9xGDQAAAAAAAAAAAAIAAgAACSAAAAAAAAAAAAAAAAAAAAARUmVmZXJlbmNlZCBwYXBlcnMAABAACAAAzGEoXwAAABEACAAAz9wp7QAAAAEAHADGGhwAxJOzABvjgwAb4z8AGuNpABri+wACDeEAAgCBTWFjaW50b3NoIEhEOlVzZXJzOgBkZW5uaXM6AERlc2t0b3A6AE1hc3RlcnN0dWRpdW06AEhhdXNhdWZnYWJlbjoAU0FUIFNlbWluYXI6AFJlZmVyZW5jZWQgcGFwZXJzOgBTb2x2aW5nIHRoZSBLaXJrbWFu1SNEMEM4QkYucGRmAAAOAHwAPQBTAG8AbAB2AGkAbgBnACAAdABoAGUAIABLAGkAcgBrAG0AYQBuIBkAcwAgAFMAYwBoAG8AbwBsAGcAaQByAGwAIABQAHIAbwBiAGwAZQBtACAAaQBuACAAYQAgAEYAZQB3ACAAUwBlAGMAbwBuAGQAcwAuAHAAZABmAA8AGgAMAE0AYQBjAGkAbgB0AG8AcwBoACAASABEABIAjVVzZXJzL2Rlbm5pcy9EZXNrdG9wL01hc3RlcnN0dWRpdW0vSGF1c2F1ZmdhYmVuL1NBVCBTZW1pbmFyL1JlZmVyZW5jZWQgcGFwZXJzL1NvbHZpbmcgdGhlIEtpcmttYW7igJlzIFNjaG9vbGdpcmwgUHJvYmxlbSBpbiBhIEZldyBTZWNvbmRzLnBkZgAAEwABLwAAFQACAA3//wAAgAbSGxwdHlokY2xhc3NuYW1lWCRjbGFzc2VzXU5TTXV0YWJsZURhdGGjHR8gVk5TRGF0YVhOU09iamVjdNIbHCIjXE5TRGljdGlvbmFyeaIiIF8QD05TS2V5ZWRBcmNoaXZlctEmJ1Ryb290gAEACAARABoAIwAtADIANwBAAEYATQBVAGAAZwBqAGwAbgBxAHMAdQB3AIQAjgE7AUABSAP2A/gD/QQIBBEEHwQjBCoEMwQ4BEUESARaBF0EYgAAAAAAAAIBAAAAAAAAACgAAAAAAAAAAAAAAAAAAARk}}

@article{DPLL,
	Acmid = {368557},
	Address = {New York, NY, USA},
	Author = {Davis, Martin and Logemann, George and Loveland, Donald},
	Doi = {10.1145/368273.368557},
	Issn = {0001-0782},
	Issue_Date = {July 1962},
	Journal = {Commun. ACM},
	Month = jul,
	Number = {7},
	Numpages = {4},
	Pages = {394--397},
	Publisher = {ACM},
	Title = {A Machine Program for Theorem-proving},
	Url = {http://doi.acm.org/10.1145/368273.368557},
	Volume = {5},
	Year = {1962},
	Bdsk-Url-1 = {http://doi.acm.org/10.1145/368273.368557},
	Bdsk-Url-2 = {http://dx.doi.org/10.1145/368273.368557}}

@misc{Ryan04,
	Author = {Lawrence Ryan},
	Title = {EFFICIENT ALGORITHMS FOR CLAUSE-LEARNING SAT SOLVERS},
	Year = {2004}}

	@inproceedings{Ramani,
 author = {Ramani, Arathi and Markov, Igor L.},
 title = {Automatically Exploiting Symmetries in Constraint Programming},
 booktitle = {Proceedings of the 2004 Joint ERCIM/CoLOGNET International Conference on Recent Advances in Constraints},
 series = {CSCLP'04},
 year = {2005},
 isbn = {3-540-25176-6, 978-3-540-25176-7},
 location = {Lausanne, Switzerland},
 pages = {98--112},
 numpages = {15},
 url = {http://dx.doi.org/10.1007/11402763_8},
 doi = {10.1007/11402763_8},
 acmid = {2178441},
 publisher = {Springer-Verlag},
 address = {Berlin, Heidelberg},
} 
